@book{atiyah2018introduction,
  title={Introduction to commutative algebra},
  author={Atiyah, Michael},
  year={2018},
  publisher={CRC Press}
}
@article{commalgebra2021,
  title={Introduction to Commutative Algebra},
  author={Jayanthan, A.V.},
  year={2021},
  journal={Indian Institute of Technology, Madras},
  publisher={National Programme on Technology Enhanced Learning (NPTEL)}
}
@article{stacknotproduct,
  title={Elementwise products of ideals arenâ€™t ideals},
  year={2021},
  url = {https://math.stackexchange.com/questions/4289720/elementwise-products-of-ideals-aren-t-ideals?noredirect=1&lq=1},
  publisher={Mathematics Stack Exchange}
}

